
@online{wiki_mt,
    author        = {Wikipedia},
    title         = {Mt. Gox},
    year          = {2021},
    url           = {https://en.wikipedia.org/wiki/Mt._Gox}
}

@book{latexcompanion,
    author        = {Michel Goossens and Frank Mittelbach and Alexander Samarin},
    title         = {The \LaTeX\ Companion},
    year          = {1993},
    publisher     = {Addison-Wesley},
    location      = {Reading, Massachusetts}
}


